<?xml version="1.0" encoding="UTF-8"?><collection xmlns="http://www.loc.gov/MARC21/slim"><record><leader>00447nam--2200169-i-4500</leader><controlfield tag="001">000029083</controlfield><controlfield tag="002">20161230</controlfield><controlfield tag="005">20161230201037</controlfield><controlfield tag="008">060222s1000------------r-----000-0-eng-d</controlfield><datafield ind1=" " ind2=" " tag="020"><subfield code="a">0471531286</subfield></datafield><datafield ind1=" " ind2=" " tag="080"><subfield code="a">539.19(042.1):54-124(042.4)</subfield></datafield><datafield ind1="1" ind2=" " tag="100"><subfield code="a">Levine, Ira N</subfield></datafield><datafield ind1="1" ind2="0" tag="245"><subfield code="a">Molecular spectroscopy</subfield><subfield code="c">Ira n. levine</subfield></datafield><datafield ind1=" " ind2=" " tag="260"><subfield code="a">New York</subfield><subfield code="b">John Wiley &amp; Sons</subfield><subfield code="c">1975</subfield></datafield><datafield ind1=" " ind2=" " tag="300"><subfield code="a">X + 491P</subfield></datafield><datafield ind1=" " ind2=" " tag="852"><subfield code="a">42965</subfield><subfield code="c">539.19</subfield></datafield><datafield ind1=" " ind2=" " tag="CAT"><subfield code="a">Sys</subfield><subfield code="c">20120713</subfield><subfield code="h">142456</subfield></datafield></record></collection>